@misc{naadsm,
  author={Reeves, A. and Hupalo, R. and Patyk, K. A. and Hill, A. E.},
  title={Userâ€™s Guide for the North American Animal Disease Spread Model},
  howpublished={\url{http://wwww.naadsm.org}},
  year={2012}
  }
@inproceedings{hoare1996,
  title={How did software get so reliable without proof?},
  author={Hoare, Charles AR},
  booktitle={FME'96: Industrial Benefit and Advances in Formal Methods},
  pages={1--17},
  year={1996},
  organization={Springer}
}
@book{mcconnell2004code,
  title={Code complete},
  author={McConnell, Steve},
  year={2004},
  publisher={Pearson Education}
}
@book{hunt2000pragmatic,
  title={The pragmatic programmer: from journeyman to master},
  author={Hunt, Andrew and Thomas, David},
  year={2000},
  publisher={Addison-Wesley Professional}
}
@article{grimm2010odd,
  title={The ODD protocol: a review and first update},
  author={Grimm, Volker and Berger, Uta and DeAngelis, Donald L and Polhill, J Gary and Giske, Jarl and Railsback, Steven F},
  journal={Ecological modelling},
  volume={221},
  number={23},
  pages={2760--2768},
  year={2010},
  publisher={Elsevier}
}
@article{hucka2003systems,
  title={The systems biology markup language (SBML): a medium for representation and exchange of biochemical network models},
  author={Hucka, Michael and Finney, Andrew and Sauro, Herbert M and Bolouri, Hamid and Doyle, John C and Kitano, Hiroaki and Arkin, Adam P and Bornstein, Benjamin J and Bray, Dennis and Cornish-Bowden, Athel and others},
  journal={Bioinformatics},
  volume={19},
  number={4},
  pages={524--531},
  year={2003},
  publisher={Oxford Univ Press}
}
@article{buhnerkempe2013national,
  title={A national-scale picture of US cattle movements obtained from Interstate Certificate of Veterinary Inspection data},
  author={Buhnerkempe, Michael G and Grear, Daniel A and Portacci, Katie and Miller, Ryan S and Lombard, Jason E and Webb, Colleen T},
  journal={Preventive veterinary medicine},
  volume={112},
  number={3},
  pages={318--329},
  year={2013},
  publisher={Elsevier}
}
